@article{breiman1977variable,
  title			={Variable Kernel Estimates of Multivariate Densities},
  author		={Breiman, L. and Meisel, W. and Purcell, E.},
  journal		={Technometrics},
  volume		={19},
  number		={2},
  pages			={135--144},
  year			={1977},
}

@article{epanechnikov1969non,
  title			= {Non-Parametric Estimation of a Multivariate Probability Density},
  author		= {Epanechnikov, V.A.},
  journal		= {Theory of Probability \& Its Applications},
  volume		= {14},
  number		= {1},
  pages			= {153--158},
  year			= {1969},
}

@article{ferdosi2011comparison,
  title			={Comparison of Density Estimation Methods for Astronomical Datasets},
  author		={Ferdosi, B.J. and Buddelmeijer, H. and Trager, S.C. and Wilkinson, M.H.F. and Roerdink, J.B.T.M.},
  journal		={Astronomy \& Astrophysics},
  volume		={531},
  year			={2011},
}

@article{lees2016using,
  title     ={Using kernel density estimation to explore habitat use by seabirds at a marine renewable wave energy test facility},
  author    ={Lees, Kirsty J and Guerin, Andrew J and Masden, Elizabeth A},
  journal   ={Marine Policy},
  volume    ={63},
  pages     ={35--44},
  year      ={2016},
  publisher ={Elsevier}
}

@article{parzen1962estimation,
  title			= {On Estimation of a Probability Density Function and Mode},
  author		= {Parzen, E.},
  journal		= {The Annals of Mathematical Statistics},
  pages			= {1065--1076},
  year			= {1962},
  volume		= {33},
  number		= {3},  
}

@book{silverman1986density,
	author		= {Silverman, B.W.},
	title		= {Density Estimation for Statistics and Data Analysis},
	publisher	= {Springer-Science+Business Media, B.V.},
	series		= {Monographs on Statistics and Applied Probablity},
	year 		= {1986},
}

@article{SkarpmanDose2015,
  author  ={Johanna Skarpman Munter and Jens Sj√∂lund},
  title   ={Dose-volume histogram prediction using density estimation},
  journal ={Physics in Medicine and Biology},
  volume  ={60},
  number  ={17},
  pages   ={6923},
  url     ={http://stacks.iop.org/0031-9155/60/i=17/a=6923},
  year    ={2015},
}

@article{wilkinson1995dataplot,
  title			= {DATAPLOT: A Graphical Display Package for Bacterial Morphometry and Fluorimetry Data},
  author		= {Wilkinson, M.H.F. and Meijer, B.C.},
  journal		= {Computer Methods and Programs in Biomedicine},
  volume		= {47},
  number		= {1},
  pages			= {35--49},
  year			= {1995},
}